@article{ref_paper_covid_1,
  title={Arrhythmia in COVID-19},
  author={Babapoor-Farrokhran, Savalan and Rasekhi, Roozbeh Tarighati and Gill, Deanna and Babapoor, Shaghayegh and Amanullah, Aman},
  journal={SN Comprehensive Clinical Medicine},
  pages={1--6},
  year={2020},
  publisher={Springer}
}
@article{ref_paper_covid_2,
  title={Atrial arrhythmia and its association with COVID-19 outcome: a pooled analysis},
  author={Mulia, Eka Prasetya Budi and Maghfirah, Irma and Rachmi, Dita Aulia and Julario, Rerdin},
  journal={Diagnosis},
  year={2021},
  publisher={De Gruyter}
}
@article{ref_paper_covid_3,
  title={Clinical characteristics of COVID-19 patients with complication of cardiac arrhythmia},
  author={Liu, Qin and Chen, Huai and Zeng, Qingsi},
  journal={The Journal of Infection},
  volume={81},
  number={3},
  pages={e6},
  year={2020},
  publisher={Elsevier}
}
@article{ref_paper_covid_4,
  title={Cardiac injury, arrhythmia, and sudden death in a COVID-19 patient},
  author={Beri, Abhimanyu and Kotak, Kamal},
  journal={HeartRhythm case reports},
  volume={6},
  number={7},
  pages={367--369},
  year={2020},
  publisher={Elsevier}
}
@article{ref_paper_covid_5,
  title={Clinical Characteristics and Risk Factors for Myocardial Injury and Arrhythmia in COVID-19 patients},
  author={Ren, Hong Gang and Guo, Xingyi and Tu, Lei and Hu, Qinyong and Blighe, Kevin and Safdar, Luqman Bin and Stebbing, Justin and Weiner, Shepard D and Willis, Monte S and Rosendaal, Frits R and others},
  journal={medRxiv},
  year={2020},
  publisher={Cold Spring Harbor Laboratory Press}
}
@article{ref_paper_covid_6,
  title={Frequency of Atrial Arrhythmia in Hospitalized Patients With COVID-19},
  author={Yarmohammadi, Hirad and Morrow, John P and Dizon, Jose and Biviano, Angelo and Ehlert, Frederick and Saluja, Deepak and Waase, Marc and Elias, Pierre and Poterucha, Timothy J and Berman, Jeremy and others},
  journal={The American Journal of Cardiology},
  volume={147},
  pages={52--57},
  year={2021},
  publisher={Elsevier}
}

@article{ref_paper_1,
  title={Auto machine learning-based modelling and prediction of excavation-induced tunnel displacement},
  author={Zhang, Dongmei and Shen, Yiming and Huang, Zhongkai and Xie, Xiaochuang},
  journal={Journal of Rock Mechanics and Geotechnical Engineering},
  year={2022},
  publisher={Elsevier}
}
@article{ref_paper_2,
  title={Automatic model selection for support vector machines},
  author={Lee, Jen-Hao and Lin, Chih-Jen},
  journal={CSIE, NTU},
  year={2000},
  publisher={Citeseer}
}
@article{ref_paper_3,
  title={Automatic model selection for the optimization of SVM kernels},
  author={Ayat, Nedjem-Eddine and Cheriet, Mohamed and Suen, Ching Y},
  journal={Pattern Recognition},
  volume={38},
  number={10},
  pages={1733--1745},
  year={2005},
  publisher={Elsevier}
}
@article{ref_paper_4,
  title={Classification of arrhythmia using machine learning techniques.},
  author={Soman, Thara and Bobbie, Patrick O},
  journal={WSEAS Transactions on computers},
  volume={4},
  number={6},
  pages={548--552},
  year={2005},
  publisher={Citeseer}
}
@article{ref_paper_6,
  title={Machine learning algorithms in civil structural health monitoring: a systematic review},
  author={Flah, Majdi and Nunez, Itzel and Ben Chaabene, Wassim and Nehdi, Moncef L},
  journal={Archives of computational methods in engineering},
  volume={28},
  number={4},
  pages={2621--2643},
  year={2021},
  publisher={Springer}
}
@article{ref_paper_7,
  title={Prediction of daily global solar radiation using different machine learning algorithms: Evaluation and comparison},
  author={A{\u{g}}bulut, {\"U}mit and G{\"u}rel, Ali Etem and Bi{\c{c}}en, Yunus},
  journal={Renewable and Sustainable Energy Reviews},
  volume={135},
  pages={110114},
  year={2021},
  publisher={Elsevier}
}
@article{ref_paper_8,
  title={Classification of pachychoroid disease on ultrawide-field indocyanine green angiography using auto-machine learning platform},
  author={Kim, In Ki and Lee, Kook and Park, Jae Hyun and Baek, Jiwon and Lee, Won Ki},
  journal={British Journal of Ophthalmology},
  volume={105},
  number={6},
  pages={856--861},
  year={2021},
  publisher={BMJ Publishing Group Ltd}
}
@incollection{ref_paper_9,
  title={DDOS detection using machine learning technique},
  author={Pande, Sagar and Khamparia, Aditya and Gupta, Deepak and Thanh, Dang NH},
  booktitle={Recent Studies on Computational Intelligence},
  pages={59--68},
  year={2021},
  publisher={Springer}
}
@article{ref_paper_10,
  title={Predicting reaction yields via supervised learning},
  author={Zuranski, Andrzej M and Martinez Alvarado, Jesus I and Shields, Benjamin J and Doyle, Abigail G},
  journal={Accounts of chemical research},
  volume={54},
  number={8},
  pages={1856--1865},
  year={2021},
  publisher={ACS Publications}
}
@article{ref_paper_11,
  title={The role of machine learning algorithms for diagnosing diseases},
  author={Ibrahim, Ibrahim and Abdulazeez, Adnan},
  journal={Journal of Applied Science and Technology Trends},
  volume={2},
  number={01},
  pages={10--19},
  year={2021}
}
@article{ref_paper_12,
  title={Self-supervised learning: Generative or contrastive},
  author={Liu, Xiao and Zhang, Fanjin and Hou, Zhenyu and Mian, Li and Wang, Zhaoyu and Zhang, Jing and Tang, Jie},
  journal={IEEE Transactions on Knowledge and Data Engineering},
  year={2021},
  publisher={IEEE}
}
@article{ref_paper_13,
  title={Deep transfer learning for industrial automation: a review and discussion of new techniques for data-driven machine learning},
  author={Maschler, Benjamin and Weyrich, Michael},
  journal={IEEE Industrial Electronics Magazine},
  volume={15},
  number={2},
  pages={65--75},
  year={2021},
  publisher={IEEE}
}
@article{ref_paper_14,
  title={A survey on the explainability of supervised machine learning},
  author={Burkart, Nadia and Huber, Marco F},
  journal={Journal of Artificial Intelligence Research},
  volume={70},
  pages={245--317},
  year={2021}
}
@article{ref_paper_15,
  title={Machine learning in detection and classification of leukemia using smear blood images: a systematic review},
  author={Ghaderzadeh, Mustafa and Asadi, Farkhondeh and Hosseini, Azamossadat and Bashash, Davood and Abolghasemi, Hassan and Roshanpour, Arash},
  journal={Scientific Programming},
  volume={2021},
  year={2021},
  publisher={Hindawi}
}
@inproceedings{ref_paper_16,
  title={A supervised machine learning algorithm for arrhythmia analysis},
  author={Guvenir, H Altay and Acar, Burak and Demiroz, Gulsen and Cekin, Ayhan},
  booktitle={Computers in Cardiology 1997},
  pages={433--436},
  year={1997},
  organization={IEEE}
}
@article{ref_paper_20,
  title={Battling COVID-19 using machine learning: A review},
  author={Chadaga, Krishnaraj and Prabhu, Srikanth and Vivekananda, Bhat K and Niranjana, S and Umakanth, Shashikiran},
  journal={Cogent Engineering},
  volume={8},
  number={1},
  pages={1958666},
  year={2021},
  publisher={Taylor \& Francis}
}
@article{ref_paper_21,
  title={Benchmarking of machine learning for anomaly based intrusion detection systems in the CICIDS2017 dataset},
  author={Maseer, Ziadoon Kamil and Yusof, Robiah and Bahaman, Nazrulazhar and Mostafa, Salama A and Foozy, Cik Feresa Mohd},
  journal={IEEE access},
  volume={9},
  pages={22351--22370},
  year={2021},
  publisher={IEEE}
}
@article{ref_paper_23,
  title={Ranking learning algorithms: Using IBL and meta-learning on accuracy and time results},
  author={Brazdil, Pavel B and Soares, Carlos and Da Costa, Joaquim Pinto},
  journal={Machine Learning},
  volume={50},
  number={3},
  pages={251--277},
  year={2003},
  publisher={Springer}
}
@article{ref_paper_24,
  title={Machine learning in medicine},
  author={Deo, Rahul C},
  journal={Circulation},
  volume={132},
  number={20},
  pages={1920--1930},
  year={2015},
  publisher={Am Heart Assoc}
}
@article{ref_paper_27,
  title={Machine learning for the diagnosis of parkinson's disease: A review of literature},
  author={Mei, Jie and Desrosiers, Christian and Frasnelli, Johannes},
  journal={Frontiers in aging neuroscience},
  volume={13},
  pages={184},
  year={2021},
  publisher={Frontiers}
}
@article{ref_paper_28,
  title={A fast machine learning model for ECG-based heartbeat classification and arrhythmia detection},
  author={Alfaras, Miquel and Soriano, Miguel C and Ort{\'\i}n, Silvia},
  journal={Frontiers in Physics},
  volume={7},
  pages={103},
  year={2019},
  publisher={Frontiers}
}
@article{ref_paper_29,
  title={IoT for smart cities: Machine learning approaches in smart healthcareâ€”A review},
  author={Ghazal, Taher M and Hasan, Mohammad Kamrul and Alshurideh, Muhammad Turki and Alzoubi, Haitham M and Ahmad, Munir and Akbar, Syed Shehryar and Al Kurdi, Barween and Akour, Iman A},
  journal={Future Internet},
  volume={13},
  number={8},
  pages={218},
  year={2021},
  publisher={Multidisciplinary Digital Publishing Institute}
}
@article{ref_paper_30,
  title={High-accuracy detection of early Parkinson's disease through multimodal features and machine learning},
  author={Prashanth, R and Roy, Sumantra Dutta and Mandal, Pravat K and Ghosh, Shantanu},
  journal={International journal of medical informatics},
  volume={90},
  pages={13--21},
  year={2016},
  publisher={Elsevier}
}
@article{ref_paper_32,
  title={A review of automatic selection methods for machine learning algorithms and hyper-parameter values},
  author={Luo, Gang},
  journal={Network Modeling Analysis in Health Informatics and Bioinformatics},
  volume={5},
  number={1},
  pages={1--16},
  year={2016},
  publisher={Springer}
}
@article{ref_paper_33,
  title={A guide to machine learning for biologists},
  author={Greener, Joe G and Kandathil, Shaun M and Moffat, Lewis and Jones, David T},
  journal={Nature Reviews Molecular Cell Biology},
  volume={23},
  number={1},
  pages={40--55},
  year={2022},
  publisher={Nature Publishing Group}
}
@article{ref_paper_34,
  title={New machine-learning algorithms for prediction of Parkinson's disease},
  author={Mandal, Indrajit and Sairam, N},
  journal={International Journal of Systems Science},
  volume={45},
  number={3},
  pages={647--666},
  year={2014},
  publisher={Taylor \& Francis}
}
@article{ref_paper_36,
  title={Machine learning: Algorithms, real-world applications and research directions},
  author={Sarker, Iqbal H},
  journal={SN Computer Science},
  volume={2},
  number={3},
  pages={1--21},
  year={2021},
  publisher={Springer}
}
@article{ref_paper_37,
  title={Secure and robust machine learning for healthcare: A survey},
  author={Qayyum, Adnan and Qadir, Junaid and Bilal, Muhammad and Al-Fuqaha, Ala},
  journal={IEEE Reviews in Biomedical Engineering},
  volume={14},
  pages={156--180},
  year={2020},
  publisher={IEEE}
}
@inproceedings{ref_paper_38,
  title={A machine learning approach for the classification of cardiac arrhythmia},
  author={Shimpi, Prajwal and Shah, Sanskruti and Shroff, Maitri and Godbole, Anand},
  booktitle={2017 international conference on computing methodologies and communication (ICCMC)},
  pages={603--607},
  year={2017},
  organization={IEEE}
}
@article{ref_paper_39,
  title={A parameter optimizer based on genetic algorithm for the simulation of carbonate facies},
  author={Garcia, Luciano Garim and L{\^o}ndero, Vin{\'\i}cius},
  journal={Intelligent Systems with Applications},
  volume={12},
  pages={200057},
  year={2021},
  publisher={Elsevier}
}
@article{ref_paper_40,
  title={Next level of hospitalisation through smart ICU},
  author={Rehmat, Muhammad Asim and Hassan, Muhammad Ahmed and Khalid, Mirza Haseeb and Dilawar, Mudasir},
  journal={Intelligent Systems with Applications},
  volume={14},
  pages={200080},
  year={2022},
  publisher={Elsevier}
}
@article{ref_paper_41,
  title={An artificial intelligence model for heart disease detection using machine learning algorithms},
  author={Chang, Victor and Bhavani, Vallabhanent Rupa and Xu, Ariel Qianwen and Hossain, MA},
  journal={Healthcare Analytics},
  volume={2},
  pages={100016},
  year={2022},
  publisher={Elsevier}
}
@article{ref_paper_42,
  title={A predictive analytics approach for stroke prediction using machine learning and neural networks},
  author={Dev, Soumyabrata and Wang, Hewei and Nwosu, Chidozie Shamrock and Jain, Nishtha and Veeravalli, Bharadwaj and John, Deepu},
  journal={Healthcare Analytics},
  volume={2},
  pages={100032},
  year={2022},
  publisher={Elsevier}
}

@misc{dataset_heartbeat,
  title={{ECG} Heartbeat Categorization Dataset},
  author={Shayan Fazeli},
  url={https://www.kaggle.com/shayanfazeli/heartbeat},
  note={accessed on 15 Dec 2020}
}
@misc{parkinsons_disease_detection,
  title={{Parkinson Disease Detection, Version 2}},
  author={Debasis, S.},
  howpublished={\url{https://www.kaggle.com/datasets/debasisdotcom/parkinson-disease-detection?sort=votes}},
  year={(2020, Oct)},
  note={accessed on 20 Apr 2022}
}

@INPROCEEDINGS{ref_paper_self_rpa,
  author={Ketkar, Yashodhan and Gawade, Sushopti},
  booktitle={2021 International Conference on Artificial Intelligence and Smart Systems (ICAIS)},
  title={Effectiveness of Robotic Process Automation for data mining using UiPath},
  year={2021},
  volume={},
  number={},
  pages={864-867},
  doi={10.1109/ICAIS50930.2021.9396024}
}