@article{mulia2021atrial,
  title={Atrial arrhythmia and its association with COVID-19 outcome: a pooled analysis},
  author={Mulia, Eka Prasetya Budi and Maghfirah, Irma and Rachmi, Dita Aulia and Julario, Rerdin},
  journal={Diagnosis},
  year={2021},
  publisher={De Gruyter}
}
@article{imbrea2021automated,
  title={Automated Machine Learning Techniques for Data Streams},
  author={Imbrea, Alexandru-Ionut},
  journal={arXiv preprint arXiv:2106.07317},
  year={2021}
}
@article{yarmohammadi2021frequency,
  title={Frequency of Atrial Arrhythmia in Hospitalized Patients With COVID-19},
  author={Yarmohammadi, Hirad and Morrow, John P and Dizon, Jose and Biviano, Angelo and Ehlert, Frederick and Saluja, Deepak and Waase, Marc and Elias, Pierre and Poterucha, Timothy J and Berman, Jeremy and others},
  journal={The American Journal of Cardiology},
  volume={147},
  pages={52--57},
  year={2021},
  publisher={Elsevier}
}
@article{huang2020accurate,
  title={Accurate classification of ECG arrhythmia using MOWPT enhanced fast compression deep learning networks},
  author={Huang, Jing-Shan and Chen, Bin-Qiang and Zeng, Nian-Yin and Cao, Xin-Cheng and Li, Yang},
  journal={Journal of Ambient Intelligence and Humanized Computing},
  pages={1--18},
  year={2020},
  publisher={Springer}
}
@article{rajak2020applying,
  title={Applying and comparing machine learning classification algorithms for predicting the results of students},
  author={Rajak, Akash and Shrivastava, Ajay Kumar and Vidushi},
  journal={Journal of Discrete Mathematical Sciences and Cryptography},
  volume={23},
  number={2},
  pages={419--427},
  year={2020},
  publisher={Taylor \& Francis}
}
@article{babapoor2020arrhythmia,
  title={Arrhythmia in COVID-19},
  author={Babapoor-Farrokhran, Savalan and Rasekhi, Roozbeh Tarighati and Gill, Deanna and Babapoor, Shaghayegh and Amanullah, Aman},
  journal={SN Comprehensive Clinical Medicine},
  pages={1--6},
  year={2020},
  publisher={Springer}
}
@article{siddiqui2020review,
  title={A review of epileptic seizure detection using machine learning classifiers},
  author={Siddiqui, Mohammad Khubeb and Morales-Menendez, Ruben and Huang, Xiaodi and Hussain, Nasir},
  journal={Brain informatics},
  volume={7},
  pages={1--18},
  year={2020},
  publisher={Springer}
}
@article{jha2020cardiac,
  title={Cardiac arrhythmia classification using tunable Q-wavelet transform based features and support vector machine classifier},
  author={Jha, Chandan Kumar and Kolekar, Maheshkumar H},
  journal={Biomedical Signal Processing and Control},
  volume={59},
  pages={101875},
  year={2020},
  publisher={Elsevier}
}
@article{beri2020cardiac,
  title={Cardiac injury, arrhythmia, and sudden death in a COVID-19 patient},
  author={Beri, Abhimanyu and Kotak, Kamal},
  journal={HeartRhythm case reports},
  volume={6},
  number={7},
  pages={367--369},
  year={2020},
  publisher={Elsevier}
}
@article{ren2020clinical,
  title={Clinical Characteristics and Risk Factors for Myocardial Injury and Arrhythmia in COVID-19 patients},
  author={Ren, Hong Gang and Guo, Xingyi and Tu, Lei and Hu, Qinyong and Blighe, Kevin and Safdar, Luqman Bin and Stebbing, Justin and Weiner, Shepard D and Willis, Monte S and Rosendaal, Frits R and others},
  journal={medRxiv},
  year={2020},
  publisher={Cold Spring Harbor Laboratory Press}
}
@article{liu2020clinical,
  title={Clinical characteristics of COVID-19 patients with complication of cardiac arrhythmia},
  author={Liu, Qin and Chen, Huai and Zeng, Qingsi},
  journal={The Journal of Infection},
  volume={81},
  number={3},
  pages={e6},
  year={2020},
  publisher={Elsevier}
}
@article{sun2020multi,
  title={Multi-label ECG signal classification based on ensemble classifier},
  author={Sun, Zhanquan and Wang, Chaoli and Zhao, Yangyang and Yan, Chao},
  journal={IEEE Access},
  volume={8},
  pages={117986--117996},
  year={2020},
  publisher={IEEE}
}
@inproceedings{liu2020parallel,
  title={Parallel algorithm of flow data anomaly detection based on isolated forest},
  author={Liu, Yue and Lou, Yuansheng and Huang, Sipei},
  booktitle={2020 International Conference on Artificial Intelligence and Electromechanical Automation (AIEA)},
  pages={132--135},
  year={2020},
  organization={IEEE}
}
@article{hannun2019cardiologist,
  title={Cardiologist-level arrhythmia detection and classification in ambulatory electrocardiograms using a deep neural network},
  author={Hannun, Awni Y and Rajpurkar, Pranav and Haghpanahi, Masoumeh and Tison, Geoffrey H and Bourn, Codie and Turakhia, Mintu P and Ng, Andrew Y},
  journal={Nature medicine},
  volume={25},
  number={1},
  pages={65--69},
  year={2019},
  publisher={Nature Publishing Group}
}
@article{sannino2018deep,
  title={A deep learning approach for ECG-based heartbeat classification for arrhythmia detection},
  author={Sannino, Giovanna and De Pietro, Giuseppe},
  journal={Future Generation Computer Systems},
  volume={86},
  pages={446--455},
  year={2018},
  publisher={Elsevier}
}
@inproceedings{malkomes2016bayesian,
  title={Bayesian optimization for automated model selection},
  author={Malkomes, Gustavo and Schaff, Chip and Garnett, Roman},
  booktitle={Workshop on Automatic Machine Learning},
  pages={41--47},
  year={2016},
  organization={PMLR}
}
@article{chen2013design,
  title={Design of a low-power on-body ECG classifier for remote cardiovascular monitoring systems},
  author={Chen, Taihai and Mazomenos, Evangelos B and Maharatna, Koushik and Dasmahapatra, Srinandan and Niranjan, Mahesan},
  journal={IEEE Journal on Emerging and Selected Topics in Circuits and Systems},
  volume={3},
  number={1},
  pages={75--85},
  year={2013},
  publisher={IEEE}
}
@article{JSSv034i12,
  title={glmulti: An R Package for Easy Automated Model Selection with (Generalized) Linear Models},
  volume={34},
  url={https://www.jstatsoft.org/index.php/jss/article/view/v034i12},
  doi={10.18637/jss.v034.i12},
  number={12},
  journal={Journal of Statistical Software},
  author={Calcagno, Vincent and de Mazancourt, Claire},
  year={2010},
  pages={1–29}
}
@article{natasa2008,
  author = {Atanasova, Natasa and Todorovski, Ljupco and Džeroski, Sašo and Kompare, Boris},
  year = {2008},
  month = {03},
  pages = {92-98},
  title = {Application of automated model discovery from data and expert knowledge to a real-world domain: Lake Glumsø},
  volume = {212},
  journal = {Ecological Modelling},
  doi = {10.1016/j.ecolmodel.2007.10.032}
}
@incollection{lei2007afc,
  title={AFC-ECG: An adaptive fuzzy ECG classifier},
  author={Lei, Wai Kei and Li, Bing Nan and Dong, Ming Chui and Vai, Mang I},
  booktitle={Soft computing in industrial applications},
  pages={189--199},
  year={2007},
  publisher={Springer}
}
@article{owis2002study,
  title={Study of features based on nonlinear dynamical modeling in ECG arrhythmia detection and classification},
  author={Owis, Mohamed I and Abou-Zied, Ahmed H and Youssef, A-BM and Kadah, Yasser M},
  journal={IEEE transactions on Biomedical Engineering},
  volume={49},
  number={7},
  pages={733--736},
  year={2002},
  publisher={IEEE}
}
@article{lee2000automatic,
  title={Automatic model selection for support vector machines},
  author={Lee, Jen-Hao and Lin, Chih-Jen},
  year={2000},
  journal={online},
  publisher={Citeseer}
}
@misc{dataset_heartbeat,
  title={{ECG} Heartbeat Categorization Dataset},
  author={Shayan Fazeli},
  url={https://www.kaggle.com/shayanfazeli/heartbeat},
  note={accessed on 15 Dec 2020}
}
